<?xml version="1.0" encoding="UTF-8"?><collection xmlns="http://www.loc.gov/MARC21/slim"><record><leader>00356nam--2200133-i-4500</leader><controlfield tag="001">000023433</controlfield><controlfield tag="002">20161230</controlfield><controlfield tag="005">20161230201035</controlfield><controlfield tag="008">060222s1000------------r-----000-0-eng-d</controlfield><datafield ind1=" " ind2=" " tag="080"><subfield code="a">621.38.049(022)</subfield></datafield><datafield ind1=" " ind2=" " tag="100"><subfield code="a">Hnatek, Eugene R</subfield></datafield><datafield ind1=" " ind2=" " tag="245"><subfield code="a">A user`s handbook of integrated circuits</subfield></datafield><datafield ind1=" " ind2=" " tag="260"><subfield code="a">New York, John Wiley &amp; Sons, 1973, Xiv + 449 P</subfield></datafield><datafield ind1=" " ind2=" " tag="852"><subfield code="a">41983</subfield></datafield></record></collection>